@article{Yang_2021,
	doi = {10.1038/s41598-021-81749-9},
	year = 2021,
	month = feb,
	publisher = {Springer Science and Business Media {LLC}},
	volume = {11},
	number = {1},
	author = {Zikun Yang and Paul Bogdan and Shahin Nazarian},
	title = {An in silico deep learning approach to multi-epitope vaccine design: a {SARS}-{CoV}-2 case study},
	journal = {Scientific Reports}
}

@article{rao2019evaluating,
  title={Evaluating protein transfer learning with TAPE},
  author={Rao, Roshan and Bhattacharya, Nicholas and Thomas, Neil and Duan, Yan and Chen, Xi and Canny, John and Abbeel, Pieter and Song, Yun S},
  journal={Advances in neural information processing systems},
  volume={32},
  pages={9689},
  year={2019},
  publisher={NIH Public Access}
}

@article{Rives_2021,
	doi = {10.1073/pnas.2016239118},
	year = 2021,
	month = apr,
	publisher = {Proceedings of the National Academy of Sciences},
	volume = {118},
	number = {15},
	pages = {e2016239118},
	author = {Alexander Rives and Joshua Meier and Tom Sercu and Siddharth Goyal and Zeming Lin and Jason Liu and Demi Guo and Myle Ott and C. Lawrence Zitnick and Jerry Ma and Rob Fergus},
	title = {Biological structure and function emerge from scaling unsupervised learning to 250 million protein sequences},
	journal = {Proceedings of the National Academy of Sciences}
}

@inproceedings{Nambiar_2020,
	doi = {10.1145/3388440.3412467},
	year = 2020,
	month = sep,
	publisher = {{ACM}},
	author = {Ananthan Nambiar and Maeve Heflin and Simon Liu and Sergei Maslov and Mark Hopkins and Anna Ritz},
	title = {Transforming the Language of Life},
	booktitle = {Proceedings of the 11th {ACM} International Conference on Bioinformatics, Computational Biology and Health Informatics}
}

@article{Vielhaben_2020,
	doi = {10.1186/s12859-020-03631-1},
	year = 2020,
	month = jul,
	publisher = {Springer Science and Business Media {LLC}},
	volume = {21},
	number = {1},
	author = {Johanna Vielhaben and Markus Wenzel and Wojciech Samek and Nils Strodthoff},
	title = {{USMPep}: universal sequence models for major histocompatibility complex binding affinity prediction},
	journal = {{BMC} Bioinformatics}
}

@article{Elnaggar_2021,
	doi = {10.1109/tpami.2021.3095381},
	year = 2021,
	publisher = {Institute of Electrical and Electronics Engineers ({IEEE})},
	pages = {1--1},
	author = {Ahmed Elnaggar and Michael Heinzinger and Christian Dallago and Ghalia Rehawi and Wang Yu and Llion Jones and Tom Gibbs and Tamas Feher and Christoph Angerer and Martin Steinegger and Debsindhu Bhowmik and Burkhard Rost},
	title = {{ProtTrans}: Towards Cracking the Language of Lifes Code Through Self-Supervised Deep Learning and High Performance Computing},
	journal = {{IEEE} Transactions on Pattern Analysis and Machine Intelligence}
}

@inproceedings{vaswani2017attention,
  title={Attention is all you need},
  author={Vaswani, Ashish and Shazeer, Noam and Parmar, Niki and Uszkoreit, Jakob and Jones, Llion and Gomez, Aidan N and Kaiser, {\L}ukasz and Polosukhin, Illia},
  booktitle={Advances in neural information processing systems},
  pages={5998--6008},
  year={2017}
}

@article{loshchilov2017decoupled,
  title={Decoupled weight decay regularization},
  author={Loshchilov, Ilya and Hutter, Frank},
  journal={arXiv preprint arXiv:1711.05101},
  year={2017}
}

@article{reddi2019convergence,
  title={On the convergence of adam and beyond},
  author={Reddi, Sashank J and Kale, Satyen and Kumar, Sanjiv},
  journal={arXiv preprint arXiv:1904.09237},
  year={2019}
}

@article{Fleri_2017a,
	doi = {10.3389/fimmu.2017.00278},
	year = 2017,
	month = mar,
	publisher = {Frontiers Media {SA}},
	volume = {8},
	author = {Ward Fleri and Sinu Paul and Sandeep Kumar Dhanda and Swapnil Mahajan and Xiaojun Xu and Bjoern Peters and Alessandro Sette},
	title = {The Immune Epitope Database and Analysis Resource in Epitope Discovery and Synthetic Vaccine Design},
	journal = {Frontiers in Immunology}
}

@article{Fleri_2017b,
	doi = {10.1155/2017/5974574},
	year = 2017,
	publisher = {Hindawi Limited},
	volume = {2017},
	pages = {1--13},
	author = {Ward Fleri and Kerrie Vaughan and Nima Salimi and Randi Vita and Bjoern Peters and Alessandro Sette},
	title = {The Immune Epitope Database: How Data Are Entered and Retrieved},
	journal = {Journal of Immunology Research}
}

@article{Zhang_2017,
	doi = {10.1038/cmi.2017.92},
	year = 2017,
	month = sep,
	publisher = {Springer Science and Business Media {LLC}},
	volume = {15},
	number = {2},
	pages = {182--184},
	author = {Lifang Zhang},
	title = {Multi-epitope vaccines: a promising strategy against tumors and viral infections},
	journal = {Cellular {\&} Molecular Immunology}
}

@article{Hellberg_1987,
	doi = {10.1021/jm00390a003},
	year = 1987,
	month = jul,
	publisher = {American Chemical Society ({ACS})},
	volume = {30},
	number = {7},
	pages = {1126--1135},
	author = {Sven Hellberg and Michael Sjoestroem and Bert Skagerberg and Svante Wold},
	title = {Peptide quantitative structure-activity relationships, a multivariate approach},
	journal = {Journal of Medicinal Chemistry}
}

@article{Wold_1993,
	doi = {10.1016/0003-2670(93)80437-p},
	year = 1993,
	month = may,
	publisher = {Elsevier {BV}},
	volume = {277},
	number = {2},
	pages = {239--253},
	author = {S. Wold and J. Jonsson and M. Sjörström and M. Sandberg and S. Rännar},
	title = {{DNA} and peptide sequences and chemical processes multivariately modelled by principal component analysis and partial least-squares projections to latent structures},
	journal = {Analytica Chimica Acta}
}

@incollection{S_nderby_2015,
	doi = {10.1007/978-3-319-21233-3\_6},
	year = 2015,
	publisher = {Springer International Publishing},
	pages = {68--80},
	author = {S{\o}ren Kaae S{\o}nderby and Casper Kaae S{\o}nderby and Henrik Nielsen and Ole Winther},
	title = {Convolutional {LSTM} Networks for Subcellular Localization of Proteins},
	booktitle = {Algorithms for Computational Biology}
}

@article{Klausen_2019,
	doi = {10.1002/prot.25674},
	year = 2019,
	month = mar,
	publisher = {Wiley},
	volume = {87},
	number = {6},
	pages = {520--527},
	author = {Michael Schantz Klausen and Martin Closter Jespersen and Henrik Nielsen and Kamilla Kj{\ae}rgaard Jensen and Vanessa Isabell Jurtz and Casper Kaae S{\o}nderby and Morten Otto Alexander Sommer and Ole Winther and Morten Nielsen and Bent Petersen and Paolo Marcatili},
	title = {{NetSurfP}-2.0: Improved prediction of protein structural features by integrated deep learning},
	journal = {Proteins: Structure, Function, and Bioinformatics}
}

@article{Hochreiter_1997,
	doi = {10.1162/neco.1997.9.8.1735},
	year = 1997,
	month = nov,
	publisher = {{MIT} Press - Journals},
	volume = {9},
	number = {8},
	pages = {1735--1780},
	author = {Sepp Hochreiter and Jürgen Schmidhuber},
	title = {Long Short-Term Memory},
	journal = {Neural Computation}
}

@article{vandermaaten08a,
  author  = {Laurens van der Maaten and Geoffrey Hinton},
  title   = {Visualizing Data using t-SNE},
  journal = {Journal of Machine Learning Research},
  year    = {2008},
  volume  = {9},
  number  = {86},
  pages   = {2579-2605},
}

@inproceedings{ioffe2015batch,
  title={Batch normalization: Accelerating deep network training by reducing internal covariate shift},
  author={Ioffe, Sergey and Szegedy, Christian},
  booktitle={International conference on machine learning},
  pages={448--456},
  year={2015},
  organization={PMLR}
}

@article{srivastava2014dropout,
  title={Dropout: a simple way to prevent neural networks from overfitting},
  author={Srivastava, Nitish and Hinton, Geoffrey and Krizhevsky, Alex and Sutskever, Ilya and Salakhutdinov, Ruslan},
  journal={The journal of machine learning research},
  volume={15},
  number={1},
  pages={1929--1958},
  year={2014},
  publisher={JMLR. org}
}

@article{LeCun_2015,
	doi = {10.1038/nature14539},
	year = 2015,
	month = may,
	publisher = {Springer Science and Business Media {LLC}},
	volume = {521},
	number = {7553},
	pages = {436--444},
	author = {Yann LeCun and Yoshua Bengio and Geoffrey Hinton},
	title = {Deep learning},
	journal = {Nature}
}

@inproceedings{glorot2011deep,
  title={Deep sparse rectifier neural networks},
  author={Glorot, Xavier and Bordes, Antoine and Bengio, Yoshua},
  booktitle={Proceedings of the fourteenth international conference on artificial intelligence and statistics},
  pages={315--323},
  year={2011},
  organization={JMLR Workshop and Conference Proceedings}
}

@article{Fawcett_2006,
	doi = {10.1016/j.patrec.2005.10.010},
	year = 2006,
	month = jun,
	publisher = {Elsevier {BV}},
	volume = {27},
	number = {8},
	pages = {861--874},
	author = {Tom Fawcett},
	title = {An introduction to {ROC} analysis},
	journal = {Pattern Recognition Letters}
}

@article{Kim_2009,
	doi = {10.1186/1471-2105-10-394},
	year = 2009,
	month = nov,
	publisher = {Springer Science and Business Media {LLC}},
	volume = {10},
	number = {1},
	author = {Yohan Kim and John Sidney and Clemencia Pinilla and Alessandro Sette and Bjoern Peters},
	title = {Derivation of an amino acid similarity matrix for peptide:{MHC} binding and its application as a Bayesian prior},
	journal = {{BMC} Bioinformatics}
}

@article{Henikoff_1992,
	doi = {10.1073/pnas.89.22.10915},
	year = 1992,
	month = nov,
	publisher = {Proceedings of the National Academy of Sciences},
	volume = {89},
	number = {22},
	pages = {10915--10919},
	author = {S. Henikoff and J. G. Henikoff},
	title = {Amino acid substitution matrices from protein blocks.},
	journal = {Proceedings of the National Academy of Sciences}
}

@article{dayhoff197822,
  title={22 a model of evolutionary change in proteins},
  author={Dayhoff, M and Schwartz, R and Orcutt, B},
  journal={Atlas of protein sequence and structure},
  volume={5},
  pages={345--352},
  year={1978},
  publisher={National biomedical research foundation Silver Spring, MD, USA}
}

@article{mullner2011modern,
  title={Modern hierarchical, agglomerative clustering algorithms},
  author={M{\"u}llner, Daniel},
  journal={arXiv preprint arXiv:1109.2378},
  year={2011}
}

@inproceedings{He_2015,
	doi = {10.1109/iccv.2015.123},
	year = 2015,
	month = dec,
	publisher = {{IEEE}},
	author = {Kaiming He and Xiangyu Zhang and Shaoqing Ren and Jian Sun},
	title = {Delving Deep into Rectifiers: Surpassing Human-Level Performance on {ImageNet} Classification},
	booktitle = {2015 {IEEE} International Conference on Computer Vision ({ICCV})}
}

@article{Fischer_2006,
	doi = {10.1038/nm1461},
	year = 2006,
	month = dec,
	publisher = {Springer Science and Business Media {LLC}},
	volume = {13},
	number = {1},
	pages = {100--106},
	author = {Will Fischer and Simon Perkins and James Theiler and Tanmoy Bhattacharya and Karina Yusim and Robert Funkhouser and Carla Kuiken and Barton Haynes and Norman L Letvin and Bruce D Walker and Beatrice H Hahn and Bette T Korber},
	title = {Polyvalent vaccines for optimal coverage of potential T-cell epitopes in global {HIV}-1 variants},
	journal = {Nature Medicine}
}

@article{Larsen_2006,
	doi = {10.1186/1745-7580-2-2},
	year = 2006,
	publisher = {Springer Science and Business Media {LLC}},
	volume = {2},
	number = {1},
	pages = {2},
	author = {Jens Larsen and Ole Lund and Morten Nielsen},
	title={Improved method for predicting linear B-cell epitopes},
	journal = {Immunome Research}
}

@article{EL_Manzalawy_2008,
	doi = {10.1002/jmr.893},
	year = 2008,
	month = jul,
	publisher = {Wiley},
	volume = {21},
	number = {4},
	pages = {243--255},
	author = {Yasser EL-Manzalawy and Drena Dobbs and Vasant Honavar},
	title = {Predicting linear B-cell epitopes using string kernels},
	journal = {Journal of Molecular Recognition}
}

@incollection{janeway2001major,
  title={The major histocompatibility complex and its functions},
  author={Janeway Jr, Charles A and Travers, Paul and Walport, Mark and Shlomchik, Mark J},
  booktitle={Immunobiology: The Immune System in Health and Disease. 5th edition},
  year={2001},
  publisher={Garland Science}
}

@inproceedings{Graves,
	doi = {10.1109/ijcnn.2005.1556215},
	publisher = {{IEEE}},
	author = {A. Graves and J. Schmidhuber},
	title = {Framewise phoneme classification with bidirectional {LSTM} networks},
	booktitle = {Proceedings. 2005 {IEEE} International Joint Conference on Neural Networks, 2005.},
	year={2005}
}
