@INPROCEEDINGS{9635304,
    author={Yuan, Xiao and Bibl, Daniel and Khan, Kahlil and Sun, Lei},
    booktitle={2021 IEEE 21st International Conference on Bioinformatics and Bioengineering (BIBE)},
    title={Predicting Multi-Epitope Vaccine Candidates Using Natural Language Processing and Deep Learning},
    year={2021},
    doi={10.1109/BIBE52308.2021.9635304}
}
